<record><leader>00000cas a22000007a 4500</leader><controlfield tag="001">15363887</controlfield><controlfield tag="008">870325c19759999aluwr ne      0    0eng d</controlfield><datafield ind1=" " ind2=" " tag="010"><subfield code="a">sn 87050088 </subfield></datafield><datafield ind1=" " ind2=" " tag="040"><subfield code="a">AAR</subfield><subfield code="b">eng</subfield><subfield code="c">AAR</subfield><subfield code="d">CPN</subfield><subfield code="d">OCLCQ</subfield></datafield><datafield ind1=" " ind2=" " tag="042"><subfield code="a">msc</subfield></datafield><datafield ind1="0" ind2=" " tag="130"><subfield code="a">Journal-record (Hamilton, Ala.)</subfield></datafield><datafield ind1="1" ind2="4" tag="245"><subfield code="a">The Journal-record.</subfield></datafield><datafield ind1=" " ind2=" " tag="260"><subfield code="a">Hamilton, Ala. :</subfield><subfield code="b">Mid-South Newspapers, Inc.,</subfield><subfield code="c">1975-</subfield></datafield><datafield ind1=" " ind2=" " tag="300"><subfield code="a">v.</subfield></datafield><datafield ind1=" " ind2=" " tag="310"><subfield code="a">Weekly</subfield></datafield><datafield ind1="0" ind2=" " tag="362"><subfield code="a">Vol. 6, no. 14 (June 5, 1975)-</subfield></datafield><datafield ind1=" " ind2=" " tag="752"><subfield code="a">United States</subfield><subfield code="b">Alabama</subfield><subfield code="c">Marion</subfield><subfield code="d">Hamilton.</subfield></datafield><datafield ind1="0" ind2="4" tag="780"><subfield code="t">Marion County journal</subfield><subfield code="w">(DLC)sn 87050087</subfield></datafield><datafield ind1="0" ind2="4" tag="780"><subfield code="t">Winfield record</subfield></datafield></record>